<?xml version="1.0"?>
<collection xmlns="http://www.loc.gov/MARC21/slim">
  <record>
    <leader>01622nam a2200397 a 4500</leader>
    <controlfield tag="001">cihm_28663</controlfield>
    <controlfield tag="003">CaSfIA</controlfield>
    <controlfield tag="005">20160212080813.0</controlfield>
    <controlfield tag="007">cr||||||||||||</controlfield>
    <controlfield tag="008">831124s1870    onc     b     000 0 eng d</controlfield>
    <datafield tag="020" ind1=" " ind2=" ">
      <subfield code="a">0665286635</subfield>
    </datafield>
    <datafield tag="035" ind1=" " ind2=" ">
      <subfield code="a">ocn317760170</subfield>
    </datafield>
    <datafield tag="040" ind1=" " ind2=" ">
      <subfield code="a">CaOOCIHM</subfield>
      <subfield code="b">eng</subfield>
      <subfield code="d">AEU</subfield>
      <subfield code="d">CaSfIA</subfield>
    </datafield>
    <datafield tag="043" ind1=" " ind2=" ">
      <subfield code="a">n-cn-on</subfield>
      <subfield code="a">n-cn-qu</subfield>
    </datafield>
    <datafield tag="082" ind1="0" ind2=" ">
      <subfield code="a">336.713</subfield>
      <subfield code="2">19</subfield>
    </datafield>
    <datafield tag="090" ind1=" " ind2=" ">
      <subfield code="a">FC 02 0203 no. 28663</subfield>
      <subfield code="b">AEU</subfield>
    </datafield>
    <datafield tag="100" ind1="1" ind2=" ">
      <subfield code="a">Wood, E. B.</subfield>
      <subfield code="q">(Edmund Burke),</subfield>
      <subfield code="d">1820-1882</subfield>
    </datafield>
    <datafield tag="245" ind1="1" ind2="0">
      <subfield code="a">Mr. Wood's argument before the provincial arbitrators on the modes proposed for the apportionment of the excess of debt and division of assets between Ontario and Quebec</subfield>
      <subfield code="h">[electronic resource] </subfield>
    </datafield>
    <datafield tag="260" ind1=" " ind2=" ">
      <subfield code="a">[Toronto? :</subfield>
      <subfield code="b">s.n.],</subfield>
      <subfield code="c">1870</subfield>
      <subfield code="e">(Toronto :</subfield>
      <subfield code="f">Hunter, Rose)</subfield>
    </datafield>
    <datafield tag="300" ind1=" " ind2=" ">
      <subfield code="a">1 microfiche (19 fr.).</subfield>
    </datafield>
    <datafield tag="490" ind1="1" ind2=" ">
      <subfield code="a">CIHM/ICMH Microfiche series = CIHM/ICMH collection de microfiches ;</subfield>
      <subfield code="v">no. 28663</subfield>
    </datafield>
    <datafield tag="500" ind1=" " ind2=" ">
      <subfield code="a">Tables.</subfield>
    </datafield>
    <datafield tag="533" ind1=" " ind2=" ">
      <subfield code="a">Filmed from a copy of the original publication held by the Biblioth&#xC3;&#xA8;que nationale du Qu&#xC3;&#xA9;bec.</subfield>
      <subfield code="b">Ottawa :</subfield>
      <subfield code="c">Canadian Institute for Historical Microreproductions,</subfield>
      <subfield code="d">1</subfield>
    </datafield>
    <!-- No separator at end of field length=171 -->
    <datafield tag="534" ind1="8" ind2="2">
  </datafield>
    <!-- Separator but not at end of field length=10 -->
    <datafield tag="596" ind1=" " ind2="p">
  </datafield>
    <!-- Separator but not at end of field length=7 -->
    <datafield tag="650" ind1="a" ind2="4">
  </datafield>
    <!-- Separator but not at end of field length=28 -->
    <datafield tag="650" ind1="i" ind2="o">
  </datafield>
    <!-- Separator but not at end of field length=38 -->
    <datafield tag="650" ind1="e" ind2=")">
  </datafield>
    <!-- Separator but not at end of field length=30 -->
    <datafield tag="650" ind1="i" ind2="o">
  </datafield>
    <!-- Separator but not at end of field length=40 -->
    <datafield tag="650" ind1="e" ind2=")">
  </datafield>
    <!-- Separator but not at end of field length=31 -->
    <datafield tag="650" ind1="i" ind2="o">
  </datafield>
    <!-- Separator but not at end of field length=42 -->
    <datafield tag="650" ind1="n" ind2="c">
      <subfield code=")">.</subfield>
    </datafield>
    <!-- Separator but not at end of field length=33 -->
    <datafield tag="650" ind1="a" ind2="r">
      <subfield code="o">.</subfield>
    </datafield>
    <!-- Separator but not at end of field length=44 -->
    <datafield tag="830" ind1="v" ind2="i">
      <subfield code="c">e).</subfield>
    </datafield>
    <!-- Separator but not at end of field length=45 -->
    <datafield tag="856" ind1="4" ind2="1">
      <subfield code="u">http://archive.org/details/cihm_28663</subfield>
      <subfield code="z">Free eBook from the Internet Archive</subfield>
    </datafield>
    <!-- Separator but not at end of field length=22 -->
    <datafield tag="016" ind1="I" ind2="H">
      <subfield code="M">PRE</subfield>
    </datafield>
    <!-- Separator but not at end of field length=15 -->
    <!-- Separator but not at end of field length=58 -->
  </record>
</collection>
